@inproceedings{coling2012,
    title = "Sentiment Analysis in {T}witter with Lightweight Discourse Analysis",
    author = "Mukherjee, Subhabrata  and
      Bhattacharyya, Pushpak",
    booktitle = "Proceedings of {COLING} 2012",
    month = dec,
    year = "2012",
    address = "Mumbai, India",
    publisher = "The COLING 2012 Organizing Committee",
    url = "https://www.aclweb.org/anthology/C12-1113",
    pages = "1847--1864",
}

@article{nrc-emo,
author = {Mohammad, Saif M. and Turney, Peter D.},
title = {Crowdsourcing a Word-Emotion Association Lexicon},
journal = {Computational Intelligence},
volume = {29},
number = {3},
pages = {436-465},
doi = {10.1111/j.1467-8640.2012.00460.x},
year = {2013}
}

@inproceedings{nrc-vad,
    title = "Obtaining Reliable Human Ratings of Valence, Arousal, and Dominance for 20,000 {E}nglish Words",
    author = "Mohammad, Saif",
    booktitle = "Proceedings of the 56th Annual Meeting of the Association for Computational Linguistics (Volume 1: Long Papers)",
    month = jul,
    year = "2018",
    address = "Melbourne, Australia",
    publisher = "Association for Computational Linguistics",
    url = "https://www.aclweb.org/anthology/P18-1017",
    doi = "10.18653/v1/P18-1017",
    pages = "174--184"
}

@inproceedings{nrc-affect,
  author = {Saif Mohammad},
  title = "{Word Affect Intensities}",
  booktitle = {Proceedings of the Eleventh International Conference on Language Resources and Evaluation (LREC 2018)},
  year = {2018},
  month = {May 7--12},
  address = {Miyazaki, Japan},
  editor = {Nicoletta Calzolari (Conference chair) and Khalid Choukri and Christopher Cieri and Thierry Declerck and Sara Goggi and Koiti Hasida and Hitoshi Isahara and Bente Maegaard and Joseph Mariani and Hélène Mazo and Asuncion Moreno and Jan Odijk and Stelios Piperidis and Takenobu Tokunaga},
  publisher = {European Language Resources Association (ELRA)},
  isbn = {979-10-95546-00-9},
  language = {english}
}

@article{bakker2014pleasure,
  title={Pleasure, arousal, dominance: Mehrabian and Russell revisited},
  author={Bakker, Iris and van der Voordt, Theo and Vink, Peter and de Boon, Jan},
  journal={Current Psychology},
  volume={33},
  number={3},
  pages={405--421},
  year={2014},
  publisher={Springer}
}

@book{osgood1957measurement,
  title={The measurement of meaning},
  author={Osgood, Charles Egerton and Suci, George J and Tannenbaum, Percy H},
  number={47},
  year={1957},
  publisher={University of Illinois press}
}

@article{russell_core_2003,
	title = {Core affect and the psychological construction of emotion},
	volume = {110},
	issn = {0033-295X},
	doi = {10.1037/0033-295x.110.1.145},
	pages = {145--172},
	number = {1},
	journaltitle = {Psychol Rev},
	author = {Russell, James A.},
	date = {2003-01},
	pmid = {12529060}
}

@article{russell1980circumplex,
  title={A circumplex model of affect.},
  author={Russell, James A},
  journal={Journal of personality and social psychology},
  volume={39},
  number={6},
  pages={1161},
  year={1980},
  publisher={American Psychological Association}
}